% ------------- Bibliografia -------------

@Book{ nla.cat-vn2703405,
	author = { Denys Parsons },
	title = { The directory of tunes and musical themes },
	isbn = { 090474700 },
	publisher = { S. Brown, Cambridge, Eng. : },
	pages = { 288 p. : },
	year = { 1975 },
	type = { Book },
	language = { English },
}

@inproceedings{Brondsted_asystem,
	author = {Tom Brøndsted and Søren Augustensen and Brian Fisker and Christian Hansen and Jimmy Klitgaard and Lau W and Nielsen Thomas Rasmussen},
	title = {A SYSTEM FOR RECOGNITION OF HUMMED TUNES},
	booktitle = {COST G-6 Conference on Digital Audio Effects},
	year = {2001},
	month = {December}
}

@inproceedings{Wiering06,
	author    = {Frans Wiering},
	title     = {Can Humans Benefit from Music Information Retrieval?},
	booktitle = {Adaptive Multimedia Retrieval},
	year      = {2006},
	pages     = {82-94},
}

@ARTICLE{Neto94,
	author = {João José Neto},
	title = {Adaptive Automata for Context-Sensitive Languages},
	journal = {SIGPLAN NOTICES},
	year = {1994},
	month = {September},
	volume = {29}
	number = {9},
	pages = {115-124}
}

@MISC{Burns99,
	author = {Edward M. Burns},
	title = {"Intervals, Scales, and Tuning", The Psychology of Music},
	year = {1999}
}


@misc{roteiroLTA,
	title = {Roteiro de Estudos de Tecnologia Adaptativa},
	note = {\texttt{http://www.pcs.usp.br/\textasciitilde lta/roteiro\_estudo/}},
	author = {Prof. Dr. João José Neto},
	year = {2004},
}

@book{calculoNumerico,
	author = {A.F.P. de C. Humes, I.S.H. de Melo, L.K. Yoshida, W.T. Martins},
	title = {Noções de Cálculo numérico},
	publisher = {McGraw Hill},
	year = {1984},
	address = {São Paulo}
}

@book{Johnsonbaugh,
 author = {Richard Johnsonbaugh},
 title = {Discrete Mathematics},
 year = {2000},
 isbn = {0130890081},
 publisher = {Prentice Hall PTR},
 address = {Upper Saddle River, NJ, USA},
}


% ------------- Historico -------------

@MISC{SearchHistoryWebsite,
      author = {Aaron Wall},
      title = {History of Search Engines: From 1945 to Google 2007},
      note = {\texttt{http://www.searchenginehistory.com/}}
}

@ARTICLE{Foote99anoverview,
    author = {Jonathan Foote},
    title = {An overview of audio information retrieval},
    journal = {ACM Multimedia Systems},
    year = {1999},
    volume = {7},
    pages = {2--10}
}

@TECHREPORT{Gerhard03pitchextraction,
    author = {David Gerhard},
    title = {Pitch Extraction and Fundamental Frequency: History and Current Techniques},
    institution = {},
    year = {2003}
}

@phdthesis{MartinPiszczalski,
	author = {Martin Piszczalski},
	title = {A computational model of music transcription},
	year = {1986},
	publisher = {University of Michigan},
	address = {Ann Arbor, MI, USA},
	school = {University of Stanford}
}

@ARTICLE{PiszczalskiGaller,
   author = {{Piszczalski}, M. and {Galler}, B.~A.},
    title = {Predicting musical pitch from component frequency ratios },
  journal = {Acoustical Society of America Journal},
     year = 1979,
    month = sep,
   volume = 66,
    pages = {710-720},
}

@inproceedings{JAMoorer,
    author = {James A. Moorer},
    title = {On the transcription of musical sound by computer},
    booktitle = {Computer Music Journal},
    year = {1977},
    month = {nov},
    pages = {32-38},
    volume = {3},
}

@inproceedings{JohnLaneIIRFilter,
    author = {John E. Lane},
    title = {Pitch detection using a tunable IIR filter},
	booktitle = {Computer Music Journal},
    year = {1990},
	month = {Fall},
	volume = {14},
	pages = {46-57}
}

@inproceedings{JSaundersDiscrimination,
	author = {J. Saunders},
	title = {Real-time discrimination of broadcast speech/music},
	booktitle = {ICASSP '96: Proceedings of the Acoustics, Speech, and Signal Processing, 1996. on Conference Proceedings., 1996 IEEE International Conference},
	year = {1996},
	isbn = {0-7803-3192-3},
	pages = {993--996},
	publisher = {IEEE Computer Society},
	address = {Washington, DC, USA},
}

@inproceedings{ spina96automatic,
    author = {M. S. Spina and V. Zue},
    title = {Automatic Transcription of General Audio Data: Preliminary Analyses},
    booktitle = {Proc. {ICSLP} '96},
    volume = {2},
    address = {Philadelphia, PA},
    pages = {594--597},
    year = {1996},
}

@article{Erling96Classification,
	author = {Erling Wold and Thom Blum and Douglas Keislar and James Wheaton},
	title = {Content-Based Classification, Search, and Retrieval of Audio},
	journal = {IEEE MultiMedia},
	volume = {3},
	number = {3},
	year = {1996},
	issn = {1070-986X},
	pages = {27--36},
	publisher = {IEEE Computer Society Press},
	address = {Los Alamitos, CA, USA},
 }

@inproceedings{ ghias95query,
	author = {Asif Ghias and Jonathan Logan and David Chamberlin and Brian C. Smith},
	title = {Query by Humming: Musical Information Retrieval in an Audio Database},
	booktitle = {{ACM} Multimedia},
	pages = {231-236},
	year = {1995},
}

@inproceedings{Waikato96DigitalLibrary,
 author = {Rodger J. McNab, Lloyd A. Smith, Ian H. Witten, Clare L. Henderson, Sally Jo Cunningham},
 title = {Towards the digital music library: tune retrieval from acoustic input},
 booktitle = {DL '96: Proceedings of the first ACM international conference on Digital libraries},
 year = {1996},
 isbn = {0-89791-830-4},
 pages = {11--18},
 location = {Bethesda, Maryland, United States},
 publisher = {ACM},
 address = {New York, NY, USA},
}

@misc{midomi,
	title = {midomi},
	note = "\texttt{http://www.midomi.com/}"
}

@misc{musipedia,
	title = {The Open Music Encyclopedia},
	note = "\texttt{http://www.musipedia.org/}"
}

@misc{midi,
	title = {MIDI Manufacturers Association},
	note = "\texttt{http://www.midi.org/}"
}
